<?xml version="1.0" encoding="UTF-8"?>
<marc:record xmlns:marc="http://www.loc.gov/MARC21/slim" xmlns:xsi="http://www.w3.org/2001/XMLSchema-instance" xsi:schemaLocation="http://www.loc.gov/MARC21/slim http://www.loc.gov/standards/marcxml/schema/MARC21slim.xsd">

  <marc:leader>01013nam a22003010  45 A</marc:leader>
  <marc:controlfield tag="001">499882</marc:controlfield>
  <marc:controlfield tag="003">NRU</marc:controlfield>
  <marc:controlfield tag="008">731224s1953    fr ch    b    000 0bfremc</marc:controlfield>

  <marc:datafield tag="010" ind1=" " ind2=" ">
    <marc:subfield code="a">a  54005405 </marc:subfield>
  </marc:datafield>

  <marc:datafield tag="035" ind1=" " ind2=" ">

    <marc:subfield code="a">(OCoLC)766614</marc:subfield>
  </marc:datafield>

  <marc:datafield tag="035" ind1=" " ind2=" ">
    <marc:subfield code="9">00420779</marc:subfield>
  </marc:datafield>

  <marc:datafield tag="040" ind1=" " ind2=" ">
    <marc:subfield code="a">Oregon. Univ. Libr.</marc:subfield>
    <marc:subfield code="c">KSU</marc:subfield>
    <marc:subfield code="d">m.c.</marc:subfield>
    <marc:subfield code="d">SER</marc:subfield>
    <marc:subfield code="d">OCL</marc:subfield>
    <marc:subfield code="d">RES</marc:subfield>
  </marc:datafield>

  <marc:datafield tag="049" ind1=" " ind2=" ">
    <marc:subfield code="a">RESM</marc:subfield>
    <marc:subfield code="c">1</marc:subfield>
  </marc:datafield>

  <marc:datafield tag="090" ind1=" " ind2=" ">
    <marc:subfield code="a">ML4l0.D28</marc:subfield>
    <marc:subfield code="b">I48</marc:subfield>
  </marc:datafield>

  <marc:datafield tag="099" ind1=" " ind2=" ">
    <marc:subfield code="a">ML4l0.D28 I48</marc:subfield>
  </marc:datafield>

  <marc:datafield tag="100" ind1="1" ind2=" ">
    <marc:subfield code="a">Inghelbrecht, Germaine.</marc:subfield>
    <marc:subfield code="4">aut</marc:subfield>
  </marc:datafield>

  <marc:datafield tag="245" ind1="0" ind2="0">
    <marc:subfield code="a">Claude Debussy</marc:subfield>
    <marc:subfield code="c">[par] Germaine et D.E. Inghelbrecht.</marc:subfield>
  </marc:datafield>

  <marc:datafield tag="260" ind1=" " ind2=" ">
    <marc:subfield code="a">[Paris]</marc:subfield>
    <marc:subfield code="b">Costard</marc:subfield>
    <marc:subfield code="c">[1953]</marc:subfield>
  </marc:datafield>

  <marc:datafield tag="300" ind1=" " ind2=" ">
    <marc:subfield code="a">310 p.</marc:subfield>
    <marc:subfield code="b">ports., facsims.</marc:subfield>
    <marc:subfield code="c">16 cm.</marc:subfield>
  </marc:datafield>

  <marc:datafield tag="490" ind1="1" ind2=" ">
    <marc:subfield code="a">Musiciens d'hier et d'aujourd'hui,</marc:subfield>
    <marc:subfield code="v">1</marc:subfield>
  </marc:datafield>

  <marc:datafield tag="504" ind1=" " ind2=" ">
    <marc:subfield code="a">"Bibliographie": p. [303]-304.</marc:subfield>
  </marc:datafield>

  <marc:datafield tag="504" ind1=" " ind2=" ">
    <marc:subfield code="a">"Discographie abrégée des œuvres de Debussy": p. [293]-301.</marc:subfield>
  </marc:datafield>

  <marc:datafield tag="600" ind1="1" ind2="0">
    <marc:subfield code="a">Debussy, Claude,</marc:subfield>
    <marc:subfield code="d">1862-1918.</marc:subfield>
  </marc:datafield>

  <marc:datafield tag="700" ind1="1" ind2=" ">
    <marc:subfield code="a">Inghelbrecht, D. E.</marc:subfield>
    <marc:subfield code="q">(Désiré Emile),</marc:subfield>
    <marc:subfield code="d">1880-1965.</marc:subfield>
  </marc:datafield>

  <marc:datafield tag="830" ind1=" " ind2="0">
    <marc:subfield code="a">Musiciens d'hier et d'aujourd'hui ;</marc:subfield>
    <marc:subfield code="v">1.</marc:subfield>
  </marc:datafield>

  <marc:datafield tag="910" ind1=" " ind2=" ">
    <marc:subfield code="a">  951118        </marc:subfield>
  </marc:datafield>

  <marc:datafield tag="911" ind1=" " ind2=" ">
    <marc:subfield code="a">u</marc:subfield>
  </marc:datafield>

  <marc:datafield tag="966" ind1=" " ind2=" ">
    <marc:subfield code="l">/Stack</marc:subfield>
    <marc:subfield code="m">SMONO </marc:subfield>
    <marc:subfield code="s">ML410.D28 I48</marc:subfield>
    <marc:subfield code="c"> 1</marc:subfield>
    <marc:subfield code="b">39087004973642</marc:subfield>
  </marc:datafield>

<marc:datafield tag="931" ind1=" " ind2=" ">
  <marc:subfield code="a">Text</marc:subfield>
  <marc:subfield code="5">NRU</marc:subfield>
</marc:datafield>

<marc:datafield tag="932" ind1=" " ind2=" ">
  <marc:subfield code="a">Language material</marc:subfield>
  <marc:subfield code="5">NRU</marc:subfield>
</marc:datafield>

<marc:datafield tag="933" ind1=" " ind2=" ">
  <marc:subfield code="a">Text</marc:subfield>
  <marc:subfield code="5">NRU</marc:subfield>
</marc:datafield>

<marc:datafield tag="935" ind1=" " ind2=" ">
  <marc:subfield code="a">Monograph/Item</marc:subfield>
  <marc:subfield code="5">NRU</marc:subfield>
</marc:datafield>

<marc:datafield tag="035" ind1=" " ind2=" ">
  <marc:subfield code="a">(NRU)499882</marc:subfield>
</marc:datafield>

<marc:datafield tag="937" ind1=" " ind2=" ">
  <marc:subfield code="a">Non-Fiction</marc:subfield>
  <marc:subfield code="5">NRU</marc:subfield>
</marc:datafield>

<marc:datafield tag="941" ind1=" " ind2=" ">
  <marc:subfield code="a">fre</marc:subfield>
  <marc:subfield code="5">NRU</marc:subfield>
</marc:datafield>

<marc:datafield tag="943" ind1=" " ind2=" ">
  <marc:subfield code="a">French</marc:subfield>
  <marc:subfield code="5">NRU</marc:subfield>
</marc:datafield>

<marc:datafield tag="240" ind1="0" ind2="0">
  <marc:subfield code="a">Claude Debussy</marc:subfield>
</marc:datafield>

</marc:record>
